<record><leader>00000cas a22000007a 4500</leader><controlfield tag="001">22590271</controlfield><controlfield tag="008">901026d18931980couwr ne      0    0eng d</controlfield><datafield ind1=" " ind2=" " tag="010"><subfield code="a">sn 90051847 </subfield></datafield><datafield ind1=" " ind2=" " tag="040"><subfield code="a">CNQ</subfield><subfield code="b">eng</subfield><subfield code="c">CNQ</subfield><subfield code="d">OCLCQ</subfield></datafield><datafield ind1=" " ind2=" " tag="042"><subfield code="a">msc</subfield></datafield><datafield ind1="0" ind2="4" tag="245"><subfield code="a">The Berthoud bulletin.</subfield></datafield><datafield ind1=" " ind2=" " tag="260"><subfield code="a">Berthoud, Larimer County, Colo. :</subfield><subfield code="b">G.E. Halderman</subfield></datafield><datafield ind1=" " ind2=" " tag="300"><subfield code="a">v.</subfield></datafield><datafield ind1=" " ind2=" " tag="310"><subfield code="a">Weekly</subfield></datafield><datafield ind1="1" ind2=" " tag="362"><subfield code="a">Began in 1893; ceased in 1980.</subfield></datafield><datafield ind1=" " ind2=" " tag="530"><subfield code="a">Available on microfilm from the Colorado Historical Society.</subfield></datafield><datafield ind1=" " ind2=" " tag="588"><subfield code="a">Description based on: 2nd year, no. 39 (Apr. 14, 1893).</subfield></datafield><datafield ind1=" " ind2=" " tag="752"><subfield code="a">United States</subfield><subfield code="b">Colorado</subfield><subfield code="c">Larimer</subfield><subfield code="d">Berthoud.</subfield></datafield><datafield ind1="0" ind2="0" tag="780"><subfield code="t">Berthoud blade</subfield><subfield code="w">(DLC)sn 91052217</subfield></datafield><datafield ind1="0" ind2="4" tag="785"><subfield code="t">Loveland daily reporter-herald</subfield><subfield code="w">(DLC)sn 90099916</subfield></datafield></record>